@inbook{wals-3,
  address   = {Leipzig},
  author    = {Ian Maddieson},
  booktitle = {The World Atlas of Language Structures Online},
  editor    = {Matthew S. Dryer and Martin Haspelmath},
  publisher = {Max Planck Institute for Evolutionary Anthropology},
  title     = {Consonant-Vowel Ratio},
  url       = {http://wals.info/chapter/3},
  year      = {2013}
}
